@misc{AutonomousMetanet,
  title = {{Metanet is a network that includes hyper-mapped structural metadata such as Nebulas Rank (NR). Autonomous Metanet is a network capable of self-organization}},
  howpublished = {\url{https://nebulas.io/technology.html}}
}

@misc{vision,
  title = {{Nebulas Manifesto \& vision}},
  howpublished = {\url{https://nebulas.io/vision.html}}
}

@misc{DAO,
  title = {{DAO}},
  howpublished = {\url{https://en.wikipedia.org/wiki/Decentralized_autonomous_organization}}
}

@book{robinson,
  title={Robinson Crusoe},
  author={Defoe, Daniel},
  year={1719}
}

@misc{pow,
  title = {{Proof-of-work System}},
  howpublished = {\url{https://en.wikipedia.org/wiki/Proof-of-work_system}}
}

@misc{pos,
  title = {{Proof of Stake}},
  howpublished = {\url{https://en.wikipedia.org/wiki/Proof-of-stake}}
}

@misc{whitepaper,
  title = {{Nebulas Non-technical Whitepaper}},
  howpublished = {\url{https://nebulas.io/docs/NebulasWhitepaper.pdf}},
  note = {2017-12-03}
}

@misc{TragedyOfTheCommons,
  title = {{Tragedy of the Commons}},
  howpublished = {\url{https://en.wikipedia.org/wiki/Tragedy_of_the_commons}}
}

@misc{DeleteECAF,
  title = {{Delete EOS Core Arbitration Forum?}},
  howpublished = {\url{https://eosauthority.com/polls\_details?proposal=decaf\_20190111\&lnc=en}}
}

@misc{TechWhitepaper,
  title = {{Nebulas Technical Whitepaper}},
  howpublished = {\url{https://nebulas.io/docs/NebulasTechnicalWhitepaper.pdf}},
  note = {2018-04-01}
  }

@misc{yellowpaper,
  title = {{Nebulas Yellow Paper - Nebulas Rank v1.0.3}},
  howpublished = {\url{https://nebulas.io/docs/NebulasYellowpaper.pdf}},
  note = {2018-06-30}
}

@misc{CheckNR,
  title = {{Checking your NR score}},
  howpublished = {\url{https://nr.nebulas.io/nr/}}
}

@misc{nova,
  title = {{Nebulas NOVA}},
  howpublished = {\url{https://nebulas.io/nova.html}}
}

@misc{explorer,
  title = {{Nebulas Explorer}},
  howpublished = {\url{https://explorer.nebulas.io}}
}

@misc{mauvepaper,
  title = {{Nebulas Mauve Paper - Developer Incentive Protocol v1.0.0}},
  howpublished = {\url{https://nebulas.io/docs/NebulasMauvepaper.pdf}},
  note = {2018-10-31}
}

@misc{NASnano,
  title = {{NAS nano Pro}},
  howpublished = {\url{https://nano.nebulas.io}}
}

@misc{wallets,
  title = {{Wallets that support NAS}},
  howpublished = {\url{https://nebulas.io/wallets.html}}
}

@misc{ImproveNR,
  title = {{How NAS coin holders can improve their Nebulas Rank}},
  howpublished = {\url{https://community.nebulas.io/d/175-nas-nr}}
}
