@misc{vision,
  title = {{Nebulas Manifesto \& vision}},
  howpublished = {\url{https://nebulas.io/cn/vision.html}}
}

@misc{DAO,
  title = {{DAO}},
  howpublished = {\url{https://en.wikipedia.org/wiki/Decentralized_autonomous_organization}}
}

@misc{pow,
  title = {{Proof-of-work System}},
  howpublished = {\url{https://en.wikipedia.org/wiki/Proof-of-work_system}}
}

@misc{pos,
  title = {{Proof of Stake}},
  howpublished = {\url{https://en.wikipedia.org/wiki/Proof-of-stake}}
}

@misc{whitepaper,
  title = {{Nabulas Non-technical Whitepaper}},
  howpublished = {\url{https://nebulas.io/docs/NebulasWhitepaperZh.pdf}},
  note = {2017-12-03}
}

@misc{TragedyOfTheCommons,
  title = {{Tragedy of the Commons}},
  howpublished = {\url{https://en.wikipedia.org/wiki/Tragedy_of_the_commons}}
}


@misc{TechWhitepaper,
  title = {{Nabulas Technical Whitepaper}},
  howpublished = {\url{https://nebulas.io/docs/NebulasTechnicalWhitepaperZh.pdf}},
  note = {2018-04-01}
  }

@misc{explorer,
  title = {{Nebulas Explorer}},
  howpublished = {\url{https://explorer.nebulas.io}}
}

@misc{NASnano,
  title = {{NAS nano Pro}},
  howpublished = {\url{https://nano.nebulas.io}}
}

@misc{wallets,
  title = {{Wallets that support NAS}},
  howpublished = {\url{https://nebulas.io/cn/wallets.html}}
}
